
@InProceedings{manning-EtAl:2014:P14-5,
  author    = {Manning, Christopher D. and  Surdeanu, Mihai  and  Bauer, John  and  Finkel, Jenny  and  Bethard, Steven J. and  McClosky, David},
  title     = {The {Stanford} {CoreNLP} Natural Language Processing Toolkit},
  booktitle = {Association for Computational Linguistics (ACL) System Demonstrations},
  year      = {2014},
  pages     = {55--60},
  url       = {http://www.aclweb.org/anthology/P/P14/P14-5010}
}

@article{Gildea:2002:ALS:643092.643093,
 author = {Gildea, Daniel and Jurafsky, Daniel},
 title = {Automatic Labeling of Semantic Roles},
 journal = {Comput. Linguist.},
 issue_date = {September 2002},
 volume = {28},
 number = {3},
 month = sep,
 year = {2002},
 issn = {0891-2017},
 pages = {245--288},
 numpages = {44},
 url = {http://dx.doi.org/10.1162/089120102760275983},
 doi = {10.1162/089120102760275983},
 acmid = {643093},
 publisher = {MIT Press},
 address = {Cambridge, MA, USA},
} 

@article{Woodsend:2014:TRI:2750423.2750426,
 author = {Woodsend, Kristian and Lapata, Mirella},
 title = {Text Rewriting Improves Semantic Role Labeling},
 journal = {J. Artif. Int. Res.},
 issue_date = {September 2014},
 volume = {51},
 number = {1},
 month = sep,
 year = {2014},
 issn = {1076-9757},
 pages = {133--164},
 numpages = {32},
 url = {http://dl.acm.org/citation.cfm?id=2750423.2750426},
 acmid = {2750426},
 publisher = {AI Access Foundation},
 address = {USA},
} 

@inproceedings{FitzGerald2015SemanticRL,
  title={Semantic Role Labeling with Neural Network Factors},
  author={Nicholas FitzGerald and Oscar T\"{a}ckstr\"{o}m and Kuzman Ganchev and Dipanjan Das},
  booktitle={EMNLP},
  year={2015}
}

@article{Punyakanok,
 author = {Punyakanok, Vasin and Roth, Dan and Yih, Wen-tau},
 title = {The Importance of Syntactic Parsing and Inference in Semantic Role Labeling},
 journal = {Comput. Linguist.},
 issue_date = {June 2008},
 volume = {34},
 number = {2},
 month = jun,
 year = {2008},
 issn = {0891-2017},
 pages = {257--287},
 numpages = {31},
 url = {http://dx.doi.org/10.1162/coli.2008.34.2.257},
 doi = {10.1162/coli.2008.34.2.257},
 acmid = {1403162},
 publisher = {MIT Press},
 address = {Cambridge, MA, USA},
} 

@article{Das:2014,
 author = {Das, Dipanjan and Chen, Desai and Martins, Andr{\'e} F. T. and Schneider, Nathan and Smith, Noah A.},
 title = {Frame-semantic Parsing},
 journal = {Comput. Linguist.},
 issue_date = {March 2014},
 volume = {40},
 number = {1},
 month = mar,
 year = {2014},
 issn = {0891-2017},
 pages = {9--56},
 numpages = {48},
 url = {http://dx.doi.org/10.1162/COLI_a_00163},
 doi = {10.1162/COLI_a_00163},
 acmid = {2645244},
 publisher = {MIT Press},
 address = {Cambridge, MA, USA},
}
